% All entry types for bibtex files
% https://www.bibtex.com/e/entry-types/

@inproceedings{image-to-image-ccan,
      author   	= "J.-Y. Zhu, T. Park, P. Isola, A.A. Efros",
      title    	= "Unpaired Image-to-Image Translation using Cycle-Consistent Adversarial Networks",
      year     	= 2020,
      publisher 	= "Berkeley AI Research (BAIR) laboratory",
      address	= " UC Berkeley"
    }

%!!Jahr nochmal überprüfen!!!!    
@inproceedings{image-to-image-can,
      author   	= "J.-Y. Zhu, T. Zhou, P. Isola, A.A. Efros",
      title    	= "Image-to-Image Translation with Conditional Adversarial Networks",
      year     	= 2020,
      publisher 	= "Berkeley AI Research (BAIR) laboratory",
      address	= " UC Berkeley"
    }